@inproceedings{Koen2012,
	author = {Claessen, Koen},
	title = {Shrinking and Showing Functions: (Functional Pearl)},
	year = {2012},
	isbn = {9781450315746},
	publisher = {Association for Computing Machinery},
	address = {New York, NY, USA},
	url = {https://doi.org/10.1145/2364506.2364516},
	doi = {10.1145/2364506.2364516},
	booktitle = {Proceedings of the 2012 Haskell Symposium},
	pages = {73–80},
	numpages = {8},
	keywords = {quickcheck, counter example, testing},
	location = {Copenhagen, Denmark},
	series = {Haskell ’12}
}

@article{Koen2000,
	author = {Claessen, Koen and Hughes, John},
	year = {2000},
	month = {01},
	pages = {},
	title = {QuickCheck: A Lightweight Tool for Random Testing of Haskell Programs},
	volume = {46},
	journal = {Proceedings of the ACM SIGPLAN International Conference on Functional Programming, ICFP},
	doi = {10.1145/1988042.1988046}
}
