@inproceedings{godefroid1997model,
  title={Model checking for programming languages using VeriSoft},
  author={Godefroid, Patrice},
  booktitle={Proceedings of the 24th ACM SIGPLAN-SIGACT symposium on Principles of programming languages},
  pages={174--186},
  year={1997},
  organization={ACM}
}

@article{POWER,
  author    = {Parosh Aziz Abdulla and
               Mohamed Faouzi Atig and
               Bengt Jonsson and
               Carl Leonardsson},
  title     = {Stateless Model Checking for {POWER}},
  journal   = {CoRR},
  volume    = {abs/1605.02185},
  year      = {2016},
  url       = {http://arxiv.org/abs/1605.02185},
  timestamp = {Wed, 01 Jun 2016 15:51:08 +0200},
  biburl    = {http://dblp.uni-trier.de/rec/bib/journals/corr/AbdullaAJL16},
  bibsource = {dblp computer science bibliography, http://dblp.org}
}

@article{alglave2014herding,
    title={Herding cats: Modelling, simulation, testing, and data mining for weak memory},
    author={Alglave, Jade and Maranget, Luc and Tautschnig, Michael},
    journal={ACM Transactions on Programming Languages and Systems (TOPLAS)},
    volume={36},
    number={2},
    pages={7},
    year={2014},
    publisher={ACM}
}

