@inproceedings{Koen2012,
	author = {Claessen, Koen},
	title = {Shrinking and Showing Functions: (Functional Pearl)},
	year = {2012},
	isbn = {9781450315746},
	publisher = {Association for Computing Machinery},
	address = {New York, NY, USA},
	url = {https://doi.org/10.1145/2364506.2364516},
	doi = {10.1145/2364506.2364516},
	booktitle = {Proceedings of the 2012 Haskell Symposium},
	pages = {73–80},
	numpages = {8},
	keywords = {quickcheck, counter example, testing},
	location = {Copenhagen, Denmark},
	series = {Haskell ’12}
}

@article{Koen2000,
	author = {Claessen, Koen and Hughes, John},
	year = {2000},
	month = {01},
	pages = {},
	title = {QuickCheck: A Lightweight Tool for Random Testing of Haskell Programs},
	volume = {46},
	journal = {Proceedings of the ACM SIGPLAN International Conference on Functional Programming, ICFP},
	doi = {10.1145/1988042.1988046}
}

@online{csunplugged,
  Author   = {{Computer Science Education Research Group at the University of Canterbury, New Zealand}},
  Title    = {{CS Unplugged}},
  URL      = {https://csunplugged.org/en/},
  URLDate  = {2018-06-26},
  Year     = {2018},
}

@inproceedings{Sanders2017,
    author = {Sanders, Kate and Boustedt, Jonas and Eckerdal, Anna and McCartney, Robert and Zander, Carol},
    title = {Folk Pedagogy: Nobody Doesn’t Like Active Learning},
    year = {2017},
    isbn = {9781450349680},
    publisher = {Association for Computing Machinery},
    address = {New York, NY, USA},
    url = {https://doi.org/10.1145/3105726.3106192},
    doi = {10.1145/3105726.3106192},
    booktitle = {Proceedings of the 2017 ACM Conference on International Computing Education Research},
    pages = {145–154},
    numpages = {10},
    keywords = {active learning, activity, reflection, folk pedagogy, social interaction, techniques},
    location = {Tacoma, Washington, USA},
    series = {ICER ’17}
}

@inproceedings{Rodriguez2017,
    author = {Rodriguez, Brandon and Kennicutt, Stephen and Rader, Cyndi and Camp, Tracy},
    title = {Assessing Computational Thinking in CS Unplugged Activities},
    year = {2017},
    isbn = {9781450346986},
    publisher = {Association for Computing Machinery},
    address = {New York, NY, USA},
    url = {https://doi.org/10.1145/3017680.3017779},
    doi = {10.1145/3017680.3017779},
    booktitle = {Proceedings of the 2017 ACM SIGCSE Technical Symposium on Computer Science Education},
    pages = {501–506},
    numpages = {6},
    keywords = {CS unplugged, computational thinking, assessment},
    location = {Seattle, Washington, USA},
    series = {SIGCSE ’17}
}

@online{stack,
  Author   = {{Teaching Lab at the Masaryk University}},
  Title    = {{Stack}},
  URL      = {https://github.com/teaching-lab/stack-cs-activities},
  URLDate  = {2020-03-05},
  Year     = {2018},
  note     = {(also available at \url{http://stack.fi.muni.cz})}
}

@InProceedings{2019-sigcse-ukrop,
  title = {Reflective Diary for Professional Development of Novice Teachers},
  author = {Martin Ukrop and Valdemar Švábenský and Jan Nehyba},
  booktitle = {Proceedings of the 50th ACM Technical Symposium on Computer Science Education},
  series = {SIGCSE '19},
  pages = {1088--1094},
  publisher = {ACM},
  address = {New York, NY, USA},
  year = {2019},
  isbn = {978-1-4503-5890-3},
  doi = {10.1145/3287324.3287448},
}
