@Inbook{Cousot1992,
    author="Cousot, Patrick
        and Cousot, Radhia",
    editor="Bruynooghe, Maurice
        and Wirsing, Martin",
    title="Comparing the Galois connection and widening/narrowing approaches to
        abstract interpretation",
    bookTitle="Programming Language Implementation and Logic Programming: 4th
        International Symposium, PLILP'92 Leuven, Belgium, August 26--28, 1992
        Proceedings",
    year="1992",
    publisher="Springer Berlin Heidelberg",
    address="Berlin, Heidelberg",
    pages="269--295",
    abstract="The use of infinite abstract domains with widening and narrowing
        for accelerating the convergence of abstract interpretations is shown to
        be more powerful than the Galois connection approach restricted to
        finite lattices (or lattices satisfying the chain condition).",
    isbn="978-3-540-47297-1",
    doi="10.1007/3-540-55844-6_142",
    url="https://doi.org/10.1007/3-540-55844-6_142"
}


