@Inbook{Daniel2016,
    author="Daniel, Jakub
        and Cimatti, Alessandro
        and Griggio, Alberto
        and Tonetta, Stefano
        and Mover, Sergio",
    editor="Chaudhuri, Swarat
        and Farzan, Azadeh",
    title="Infinite-State Liveness-to-Safety via Implicit Abstraction and
        Well-Founded Relations",
    bookTitle="Computer Aided Verification: 28th International Conference, CAV
        2016, Toronto, ON, Canada, July 17-23, 2016, Proceedings, Part I",
    year="2016",
    publisher="Springer International Publishing",
    address="Cham",
    pages="271--291",
    isbn="978-3-319-41528-4",
    doi="10.1007/978-3-319-41528-4_15",
    url="http://dx.doi.org/10.1007/978-3-319-41528-4_15"
}


