@Inbook{LazyCAV14,
    author="Inverso, Omar
        and Tomasco, Ermenegildo
        and Fischer, Bernd
        and La Torre, Salvatore
        and Parlato, Gennaro",
    editor="Biere, Armin
        and Bloem, Roderick",
    chapter="Bounded Model Checking of Multi-threaded C Programs via Lazy
        Sequentialization",
    title="Computer Aided Verification: 26th International Conference, CAV 2014,
    Held as Part of the Vienna Summer of Logic, VSL 2014, Vienna, Austria, July
        18-22, 2014. Proceedings",
    year="2014",
    publisher="Springer International Publishing",
    address="Cham",
    pages="585--602",
    isbn="978-3-319-08867-9",
    doi="10.1007/978-3-319-08867-9_39",
    url="http://dx.doi.org/10.1007/978-3-319-08867-9_39"
}

@online{Lazy16,
    author = {Omar Inverso and Truc L. Nguyen and Ermenegildo Tomasco and Bernd Fischer 2 and Salvatore La Torre and Gennaro Parlato},
    title = {{Lazy-CSeq 1.0 (Competition Contribution), rejected, \url{http://eprints.soton.ac.uk/387010/}}}
}
